@inproceedings{improvBandwidth,
  title={On Enhancing the Bandwidth of the Actuator Dynamics in a Multi-Rotor Aerial Vehicle},
  author={Charla, Sesha N. and Yao, Bin and Voyles, Richard M.},
  booktitle={Modeling, Estimation and Control Conference (MECC'22)},
  pages={},
  year={2022},
  organization={}
}
